<?xml version="1.0" encoding="UTF-8"?>
<collection xmlns:xsi="http://www.w3.org/2001/XMLSchema-instance" xsi:schemaLocation="http://www.loc.gov/MARC21/slim http://www.loc.gov/standards/marcxml/schema/MARC21slim.xsd" xmlns="http://www.loc.gov/MARC21/slim">
<record>
  <leader>00958cam a22001931  4500</leader>
  <controlfield tag="001">3068220</controlfield>
  <controlfield tag="003">NNC</controlfield>
  <controlfield tag="005">20151019143158.0</controlfield>
  <controlfield tag="008">010820s193u    ua            000 0 ara d</controlfield>
  <datafield tag="035" ind1=" " ind2=" ">
    <subfield code="a">(OCoLC)ocm47806164</subfield>
  </datafield>
  <datafield tag="035" ind1=" " ind2=" ">
    <subfield code="9">ATP0661CU</subfield>
  </datafield>
  <datafield tag="035" ind1=" " ind2=" ">
    <subfield code="a">(NNC)3068220</subfield>
  </datafield>
  <datafield tag="040" ind1=" " ind2=" ">
    <subfield code="a">ZCU</subfield>
    <subfield code="c">ZCU</subfield>
  </datafield>
  <datafield tag="099" ind1=" " ind2=" ">
    <subfield code="a">893.799</subfield>
    <subfield code="a">Ab915</subfield>
  </datafield>
  <datafield tag="100" ind1="1" ind2=" ">
    <subfield code="a">Ḥujāwī, Mūsá ibn Aḥmad,</subfield>
    <subfield code="d">-1560.</subfield>
  </datafield>
  <datafield tag="245" ind1="1" ind2="0">
    <subfield code="a">Zād al-mustaqniʻ fī al-fiqh ʻalá madhhab al-Imām Abī ʻAbd-Allāh Aḥmad ibn Ḥanbal,</subfield>
    <subfield code="c">taṣnīf ... Abī-al-Najāʾ Mūsá ibn Aḥmad ibn Mūsá ibn Sālim al-Muqaddasī al-Khujāwī [thumma al-Ṣāliḥī al-Dimashqī] (al-mutawaffá fī ʻām 968 min al-hijrah); ikhtaṣara fīhi kitāb "al-Muqniʻ" alladhī ṣannafahū ... Muwaffaq al-Dīn ʻAbd Allāh ibn Aḥamd ibn Qudāmah (al-mutawaffá fī ʻām 620 min al-hijrah)</subfield>
  </datafield>
  <datafield tag="260" ind1=" " ind2=" ">
    <subfield code="a">al-Qāhirah,</subfield>
    <subfield code="b">Maṭbaʻat al-Istiqāmah</subfield>
    <subfield code="c">[193-?]</subfield>
  </datafield>
  <datafield tag="300" ind1=" " ind2=" ">
    <subfield code="a">216 p.</subfield>
  </datafield>
  <datafield tag="955" ind1=" " ind2=" ">
    <subfield code="b">0038897660</subfield>
    <subfield code="d">glx</subfield>
    <subfield code="e">893.799 Ab915</subfield>
  </datafield>
</record>
</collection>